@inproceedings{upm14385,
       booktitle = {Proceedings Ontology Engineering in a Data-driven World (OEDW 2012)},
           month = {Octubre},
           title = {The Landscape of Ontology Reuse in Linked Data},
          author = {Mar{\'i}a Poveda Villal{\'o}n and Mari Carmen Su{\'a}rez-Figueroa and A. G{\'o}mez-P{\'e}rez},
            year = {2012},
            note = {oeg},
        keywords = {ontology, vocabulary, reuse, linked data, ontology import},
             url = {http://oa.upm.es/14385/},
        abstract = {Abstract. The uptake of Linked Data (LD) has promoted the proliferation of datasets and their associated ontologies for describing different domains. Ac-cording to LD principles, developers should reuse as many available terms as possible to describe their data. Importing ontologies or referring to their terms? URIs are the two main ways to reuse knowledge from available ontologies. In this paper, we have analyzed 18589 terms appearing within 196 ontologies in-cluded in the Linked Open Vocabularies (LOV) registry with the aim of under-standing the current state of ontology reuse in the LD context. In order to char-acterize the landscape of ontology reuse in this context, we have extracted sta-tistics about currently reused elements, calculated ratios for reuse, and drawn graphs about imports and references between ontologies.
Keywords: ontology, vocabulary, reuse, linked data, ontology import}
}

@inproceedings{arpirezEtAl2001,
  author = {Julio C\'{e}sar Arp\'{i}rez-Vega and Oscar Corcho and Mariano Fern\'{a}ndez-L\'{o}pez and Asunci\'{o}n G\'{o}mez-P\'{e}rez},
  biburl = {http://www.bibsonomy.org/bibtex/22ac3dc54fef8b60c0c6ea78581e0c658/bluedolphin},
  booktitle = {First International Conference on Knowledge Capture (KCAP'01)},
  editor = {Yolanda Gil and Mark A. Musen and Jude Shavlik},
  address = {Victoria, Canada},
  ee = {http://doi.acm.org/10.1145/500737.500743},
  isbn = {1-58113-380-4},
  pages = {6-13},
  publisher = {ACM},
  title = {WebODE: a scalable workbench for ontological engineering.},
  url = {http://dblp.uni-trier.de/db/conf/kcap/kcap2001.html#VegaCFG01},
  year = 2001
}

@TECHREPORT{AICPub1978:2013,
  AUTHOR={Vinay K. Chaudhri and Nikhil Dinesh},
  TITLE={AURA Knowledge Engineering Manual},
  INSTITUTION={SRI International},
  YEAR={2013}
}

@inproceedings{auer-?-2006--,
  added-at = {2015-10-08T16:25:20.000+0200},
  author = {Auer, S{\"o}ren and Herre, Heinrich},
  biburl = {http://www.bibsonomy.org/bibtex/2e92ec1c7a4c3841ec422179327db26be/aksw},
  booktitle = {Proceedings of at Sixth International Andrei Ershov Memorial Conference - Perspectives of System Informatics (PSI'06), 27-30 June 2006, Novosibirsk, Akademgorodok, Russia},
  interhash = {cd2fb44218ee64e21133c7aaaf8bcf61},
  intrahash = {e92ec1c7a4c3841ec422179327db26be},
  keywords = {2006 auer event_psi group_aksw herre},
  month = {June},
  owner = {alex},
  timestamp = {2015-10-08T16:25:20.000+0200},
  title = {{Rapid OWL}---An Agile Knowledge Engineering Methodology},
  volume = 4378,
  year = 2006
}


@book{Beck1999,
  added-at = {2015-08-25T13:34:16.000+0200},
  author = {Beck, Kent},
  biburl = {http://www.bibsonomy.org/bibtex/28d2b2ef882d4d24791e6c4b9f9786594/xaavian},
  description = {Beck's first edition on XP},
  interhash = {7c4fd92b66f0d7b8f140ca3f1cb621ec},
  intrahash = {8d2b2ef882d4d24791e6c4b9f9786594},
  keywords = {extreme programming},
  publisher = {Addison-Wesley Professional},
  timestamp = {2015-08-25T13:34:16.000+0200},
  title = {{Extreme Programming Explained: Embrace Change}},
  year = 1999
}

@book{beck-test-drivendevelopment-2003,
  added-at = {2010-07-13T13:22:46.000+0200},
  address = {Boston},
  author = {Beck, Kent},
  biburl = {http://www.bibsonomy.org/bibtex/20a1189c1397ae5d404c5e237e6b290e2/mhwombat},
  groups = {public},
  interhash = {74cd7efe7bc66d6ca18165c76d848a55},
  intrahash = {0a1189c1397ae5d404c5e237e6b290e2},
  isbn = {978-0-321-14653-3},
  keywords = {MSc _checked testing},
  publisher = {{Addison-Wesley}},
  timestamp = {2011-10-14T16:31:36.000+0200},
  title = {Test-driven development : by example},
  username = {mhwombat},
  year = 2003
}



@book{bernersLee1999,
 author = {Berners-Lee, Tim and Fischetti, Mark},
 title = {Weaving the Web: The Original Design and Ultimate Destiny of the World Wide Web by Its Inventor},
 year = {1999},
 isbn = {0062515861},
 edition = {1\textsuperscript{st}},
 publisher = {HarperCollins Publishers},
 address{New York},
} 

@inproceedings{blazquez1998,
  author = {Mercedes Bl\'{a}zquez and Mariano Fern\'{a}ndez-L\'{o}pez and Juan Manuel Garc\'{i}a-Pinar and Asunci\'{o}n G\'{o}mez-P\'{e}rez},
  booktitle = {11\textsuperscript{th} International Workshop on Knowledge Acquisition, Modeling and Management (KAW'98)},
  editor = {Brian R. Gaines and Mark A. Musen},
  address = {Banff, Canada},
  pages = {SHARE4:1--15},
  title = {Building Ontologies at the Knowledge Level using the Ontology Design Environment},
  year = 1998
 
}

@inbook{cimianoEtAl2009,
  author       = {Cimiano, Philipp and M{\"a}dche, Alexander and Staab, Steffen and V{\"o}lker, Johanna},
  editor       = {Steffen Staab and Rudi Studer},
  isbn         = {3540709991},
  language     = {English},
  pages        = {245--267},
  publisher    = {Springer Verlag},
  series       = {Handbook on Ontologies},
  title        = {Ontology Learning},
  address      = {Berlin Heidelberg, Germany},
  doi          = {10.1007/978-3-540-92673-3\_11},
  year         = {2009},
}

@inproceedings{corchoEtAl2002,
  added-at = {2011-07-04T00:00:00.000+0200},
  author = {Corcho, Oscar and Fern\'{a}ndez-L\'{o}pez, Mariano and G\'{o}mez-P\'{e}rez, Asunci\'{o}n and Vicente, Oscar},
  biburl = {http://www.bibsonomy.org/bibtex/2507a87de5a1c9cae2d951c0a76e1bd28/dblp},
  booktitle = {EKAW},
  crossref = {conf/ekaw/2002},
  editor = {G\'{o}mez-P\'{e}rez, Asunci\'{o}n and Benjamins, V. Richard},
  ee = {http://dx.doi.org/10.1007/3-540-45810-7_16},
  interhash = {12d9f6633ffe775594c38c8ecd9441fb},
  intrahash = {507a87de5a1c9cae2d951c0a76e1bd28},
  isbn = {3-540-44268-5},
  keywords = {dblp},
  pages = {138-153},
  publisher = {Springer Verlag},
  series = {Lecture Notes in Computer Science},
  address = {Berlin Heidelberg, Germany},
  timestamp = {2011-07-05T11:50:39.000+0200},
  title = {WebODE: An Integrated Workbench for Ontology Representation, Reasoning, and Exchange.},
  url = {http://dblp.uni-trier.de/db/conf/ekaw/ekaw2002.html#CorchoFPV02},
  volume = 2473,
  year = 2002
}

@article{corchoEtAl2003,
 author = {Corcho, Oscar and Fern\'{a}ndez-L\'{o}pez, Mariano and G\'{o}mez-P{\'e}rez, Asunci\'{o}n},
 title = {Methodologies, Tools and Languages for Building Ontologies: Where is Their Meeting Point?},
 journal = {Data Knowledge Engineering},
 issue_date = {July 2003},
 volume = {46},
 number = {1},
 month = jul,
 year = {2003},
 issn = {0169-023X},
 pages = {41--64},
 numpages = {24},
 url = {http://dx.doi.org/10.1016/S0169-023X(02)00195-7},
 doi = {10.1016/S0169-023X(02)00195-7},
 acmid = {864179},
 publisher = {Elsevier Science Publishers B. V.},
 address = {Amsterdam, The Netherlands, The Netherlands},
 keywords = {ontology, ontology language, ontology methodology, ontology tool},
} 

@book{corcho2005,
  title={A Layered Declarative Approach to Ontology Translation with Knowledge Preservation},
  author={Corcho, O.},
  isbn={9781586034771},
  lccn={2004116332},
  series={Frontiers in artificial intelligence and applications},
  url={https://books.google.co.il/books?id=PBNruaGoJAQC},
  year={2005},
  publisher={IOS Press},
  address={Amsterdam},
}

@incollection{dantonio2007,
year={2007},
isbn={978-1-84628-857-9},
booktitle={Enterprise Interoperability II},
editor={Gon\c{c}alves, Ricardo J. and M\"{u}ller, JÃ¶rg P. and Mertins, Kai and Zelm, Martin},
doi={10.1007/978-1-84628-858-6_38},
title={Formalizing the OPAL eBusiness ontology design patterns with OWL},
url={http://dx.doi.org/10.1007/978-1-84628-858-6_38},
publisher={Springer London},
keywords={Ontology; Ontology representation languages; Axiomatic Semantics; Formal Languages; Design Patterns},
author={D'Antonio, F. and Missikoff, M. and Taglino, F.},
pages={345-356},
language={English}
}

@incollection{DBLP:books/daglib/p/dAquin12,
  author    = {Mathieu d'Aquin},
  title     = {Modularizing Ontologies},
  booktitle = {Ontology Engineering in a Networked World.},
  pages     = {213--233},
  year      = {2012},
  crossref  = {DBLP:books/daglib/0028799},
  url       = {http://dx.doi.org/10.1007/978-3-642-24794-1_10},
  doi       = {10.1007/978-3-642-24794-1_10},
  timestamp = {Tue, 20 Oct 2015 18:47:06 +0200},
  biburl    = {http://dblp.uni-trier.de/rec/bib/books/daglib/p/dAquin12},
  bibsource = {dblp computer science bibliography, http://dblp.org}
}

@inproceedings{demoor:2006,
  added-at = {2008-07-07T16:45:32.000+0200},
  author = {de Moor, A. and Leenheer, P. De and Meersman, R.},
  biburl = {http://www.bibsonomy.org/bibtex/22e56ce3b8fbd7a0a1e80cfdfcbad7df0/pdeleenh},
  booktitle = {In Proc. of the 14th Int'l Conference on Conceptual Structures (ICCS
	2006) (Aalborg, Denmark)},
  interhash = {100265841e2699a5bbc0e544a1715d00},
  intrahash = {2e56ce3b8fbd7a0a1e80cfdfcbad7df0},
  keywords = {imported},
  pages = {189--203},
  publisher = {Springer Verlag},
  series = {LNAI 4068},
  timestamp = {2008-07-07T16:47:32.000+0200},
  title = {{DOGMA}-{MESS}: A Meaning Evolution Support System for Interorganizational
	Ontology Engineering},
  year = 2006
}

@article{deNicola2009,
 author = {De Nicola, Antonio and Missikoff, Michele and Navigli, Roberto},
 title = {A Software Engineering Approach to Ontology Building},
 journal = {Inf. Syst.},
 issue_date = {April, 2009},
 volume = {34},
 number = {2},
 month = apr,
 year = {2009},
 issn = {0306-4379},
 pages = {258--275},
 numpages = {18},
 url = {http://dx.doi.org/10.1016/j.is.2008.07.002},
 doi = {10.1016/j.is.2008.07.002},
 acmid = {1467122},
 publisher = {Elsevier Science Ltd.},
 address = {Oxford, UK, UK},
 keywords = {Knowledge representation formalism, Knowledge representation method, Ontology building},
} 

@book{diengEtAl2004,
  TITLE = {{M{\'e}thodes et outils pour la gestion des connaissances : une approche pluridisciplinaire du knowledge management}},
  AUTHOR = {Dieng, Rose and Corby, Olivier and Gandon, Fabien and Giboin, Alain and Golebiowska, Joanna and Matta, Nada and Ribiere, Myriam},
  URL = {https://hal.inria.fr/hal-01145755},
  PUBLISHER = {{Dunod}},
  address={Paris, France},
  SERIES = {Informatiques - S{\'e}rie Syst{\`e}mes d'information},
  PAGES = {372},
  YEAR = {2001},
  KEYWORDS = {knowledge management ; gestion des connaissances},
  HAL_ID = {hal-01145755},
  HAL_VERSION = {v1},
}

@article{duttaEtA2015,
  added-at = {2015-02-23T00:00:00.000+0100},
  author = {Dutta, Biswanath and Chatterjee, Usashi and Madalli, Devika P.},
  biburl = {http://www.bibsonomy.org/bibtex/22eed2ce9b338ef09a17ede2b538a901d/dblp},
  ee = {http://dx.doi.org/10.1108/JKM-10-2014-0439},
  interhash = {b90a8a0e791898962baeeb1ea257db6a},
  intrahash = {2eed2ce9b338ef09a17ede2b538a901d},
  journal = {J. Knowledge Management},
  keywords = {dblp},
  number = 1,
  pages = {6-24},
  timestamp = {2015-06-18T05:14:18.000+0200},
  title = {YAMO: Yet Another Methodology for large-scale faceted Ontology construction.},
  url = {http://dblp.uni-trier.de/db/journals/jkm/jkm19.html#DuttaCM15},
  volume = 19,
  year = 2015
}

@Inbook{Dyachenko2014,
author="Dyachenko, Oleg
and Zagorulko, Yury",
editor="Klinov, Pavel
and Mouromtsev, Dmitry",
title="A Collaborative Development of Ontology-Based Knowledge Bases",
bookTitle="Knowledge Engineering and the Semantic Web: 5th International Conference, KESW 2014, Kazan, Russia, September 29--October 1, 2014. Proceedings",
year="2014",
publisher="Springer International Publishing",
address="Cham",
pages="219--228",
isbn="978-3-319-11716-4",
doi="10.1007/978-3-319-11716-4_19",
url="http://dx.doi.org/10.1007/978-3-319-11716-4_19"
}

@INPROCEEDINGS{euzenat1996,
    author = {J\'{e}r\^{o}me Euzenat},
    title = {Corporate Memory Through Cooperative Creation of Knowledge Bases and Hyper-Documents},
    editor = {Brian R. Gaines and Mark A. Musen},
    booktitle = {Proceedings of the 10\textsuperscript{th} Knowledge Acquisition, Modeling and Management for Knowledge-based Systems Workshop (KAW'96)},
    address = {Banff, Canada},
    year = {1996},
    pages = {1--18}
}

@book{euzenatAndShvaiko2013,
        author          =       {J\'er\^ome Euzenat and Pavel Shvaiko},
        title           =       {Ontology matching},
        edition         =       {2\textsuperscript{nd}},
        language        =       {english},
        page            =       520,
        publisher       =       {Springer-Verlag},
        address         =       { Berlin Heidelberg, Germany},
        year            =       2013}
}

@article{fernandezLopezEtAl1999,
 author = {Fern\'{a}ndez-L\'{o}pez, Mariano and G\'{o}mez-P{\'e}rez, Asunci\'{o}n and Sierra, Juan Pazos and Sierra, Alejandro Pazos},
 title = {Building a Chemical Ontology Using Methontology and the Ontology Design Environment},
 journal = {IEEE Intelligent Systems},
 issue_date = {January 1999},
 volume = {14},
 number = {1},
 month = jan,
 year = {1999},
 issn = {1541-1672},
 pages = {37--46},
 numpages = {10},
 url = {http://dx.doi.org/10.1109/5254.747904},
 doi = {10.1109/5254.747904},
 acmid = {630438},
 publisher = {IEEE Educational Activities Department},
 address = {Piscataway, NJ, USA},
} 

@inproceedings{fernandezLopezEtAl2000,
  added-at = {2009-11-11T00:12:51.000+0100},
  author = {Mariano Fern\'{a}ndez-L\'{o}pez and Asunci\'{o}n G\'{o}mez-P\'{e}rez and Mar\'{i}a Dolores Rojas-Amaya},
  biburl = {http://www.bibsonomy.org/bibtex/215dcea7eda520d06921d019005ee02f5/rogargon},
  booktitle = {Proc. International Conference in Knowledge Engineering and Management},
  editor={Rose Dieng and Olivier Corby},
  interhash = {21c2b5366ef2219da78d66b19b4bdc7e},
  intrahash = {15dcea7eda520d06921d019005ee02f5},
  keywords = {imported},
  pages = {65--79},
  publisher = {Springer Verlag},
  address   = { Berlin Heidelberg, Germany},
  series = {LNAI},
  timestamp = {2009-11-11T00:12:53.000+0100},
  title = {Ontologies' crossed life cycles},
  volume = 1937,
  year = 2000
}

@article{fernandezLopezEtAl2013,
title = "Methodological guidelines for reusing general ontologies ",
journal = "Data \& Knowledge Engineering ",
volume = "86",
number = "",
pages = "242 - 275",
year = "2013",
note = "",
issn = "0169-023X",
doi = "http://dx.doi.org/10.1016/j.datak.2013.03.006",
url = "http://www.sciencedirect.com/science/article/pii/S0169023X13000372",
author = "Mariano Fern\'{a}ndez-L\'{o}pez and Asunci\'{o}n G\'{o}mez-P\'{e}rez and Mari Carmen Su\'{a}rez-Figueroa",
keywords = "General ontology",
keywords = "Time ontology",
keywords = "Mereology",
keywords = "Ontology reuse",
keywords = "Ontology methodological development",
keywords = "Formal concept analysis ",
}

@article{ferrucciEtAl2010,
  added-at = {2012-02-05T17:29:37.000+0100},
  author = {Ferrucci, David A. and Brown, Eric W. and Chu-Carroll, Jennifer and Fan, James and Gondek, David and Kalyanpur, Aditya and Lally, Adam and Murdock, J. William and Nyberg, Eric and Prager, John M. and Schlaefer, Nico and Welty, Christopher A.},
  biburl = {http://www.bibsonomy.org/bibtex/2a8955f5188266bbc86cfb1482af0d0a4/butonic},
  ee = {http://www.aaai.org/ojs/index.php/aimagazine/article/view/2303},
  interhash = {c3fa1d7b2cfb8fc1742b8a4ec0151392},
  intrahash = {a8955f5188266bbc86cfb1482af0d0a4},
  journal = {AI Magazine},
  keywords = {ai answering dis ibm language natural nlp processing qa question watson},
  number = 3,
  pages = {59-79},
  timestamp = {2012-02-05T17:29:37.000+0100},
  title = {Building Watson: An Overview of the DeepQA Project},
  url = {http://dblp.uni-trier.de/db/journals/aim/aim31.html#FerrucciBCFGKLMNPSW10},
  volume = 31,
  year = 2010
}

@article{flahiveEtAl2013,
year={2013},
issn={0920-8542},
journal={The Journal of Supercomputing},
volume={65},
number={1},
doi={10.1007/s11227-011-0711-4},
title={Ontology as a Service (OaaS): a case for sub-ontology merging on the cloud},
url={http://dx.doi.org/10.1007/s11227-011-0711-4},
publisher={Springer US},
keywords={Cloud computing; Ontology},
author={Flahive, Andrew and Taniar, David and Rahayu, Wenny},
pages={185-216},
language={English}
}

@article{flahiveEtAl2014,
  author    = {Andrew Flahive and
               David Taniar and
               J. Wenny Rahayu},
  title     = {Merging sub-ontologies},
  journal   = {{IJWGS}},
  volume    = {10},
  number    = {2/3},
  pages     = {273--295},
  year      = {2014},
  url       = {http://dx.doi.org/10.1504/IJWGS.2014.060262},
  doi       = {10.1504/IJWGS.2014.060262},
  timestamp = {Wed, 22 Apr 2015 16:02:12 +0200},
  biburl    = {http://dblp.uni-trier.de/rec/bib/journals/ijwgs/FlahiveTR14},
  bibsource = {dblp computer science bibliography, http://dblp.org}
}

@article {flahiveEtAl2015,
author = {Flahive, Andrew and Taniar, David and Rahayu, Wenny and Apduhan, Bernady O.},
title = {A methodology for ontology update in the semantic grid environment},
journal = {Concurrency and Computation: Practice and Experience},
volume = {27},
number = {4},
publisher = {John Wiley \& Sons, Ltd},
issn = {1532-0634},
url = {http://dx.doi.org/10.1002/cpe.2841},
doi = {10.1002/cpe.2841},
pages = {782--808},
keywords = {distributed ontology framework, semantic grid, subontology distribution and maintenance, service oriented architecture},
year = {2015},
}

@book{gammaEtAl1995,
 author = {Gamma, Erich and Helm, Richard and Johnson, Ralph and Vlissides, John},
 title = {Design Patterns: Elements of Reusable Object-oriented Software},
 year = {1995},
 isbn = {0-201-63361-2},
 publisher = {Addison-Wesley Longman Publishing Co., Inc.},
 address = {Boston, MA, USA},
}

@incollection{gangemi2005,
year={2005},
isbn={978-3-540-29754-3},
booktitle={The Semantic Web - ISWC 2005},
volume={3729},
series={Lecture Notes in Computer Science},
editor={Gil, Yolanda and Motta, Enrico and Benjamins, V.Richard and Musen, MarkA.},
doi={10.1007/11574620_21},
title={Ontology Design Patterns for Semantic Web Content},
url={http://dx.doi.org/10.1007/11574620_21},
publisher={Springer},
address={Berlin Heidelberg},
author={Gangemi, Aldo},
pages={262-276},
language={English}
}

@article{gilAndMartinBautista2014,
year={2014},
issn={0925-9902},
journal={Journal of Intelligent Information Systems},
volume={42},
number={3},
doi={10.1007/s10844-013-0296-x},
title={SMOL: a systemic methodology for ontology learning from heterogeneous sources},
url={http://dx.doi.org/10.1007/s10844-013-0296-x},
publisher={Springer US},
address={New York},
keywords={Ontology learning; Methodology; Knowledge acquisition; Evaluation; Case study},
author={Gil, Richard and Martin-Bautista, Maria J.},
pages={415-455},
language={English}
}

@article{gomezPerez1996,
title = "Towards a framework to verify knowledge sharing technology ",
journal = "Expert Systems with Applications ",
volume = "11",
number = "4",
pages = "519 - 529",
year = "1996",
note = "The Third World Congress on Expert Systems ",
issn = "0957-4174",
doi = "http://dx.doi.org/10.1016/S0957-4174(96)00067-X",
url = "http://www.sciencedirect.com/science/article/pii/S095741749600067X",
author = "Asunci\'{o}n G\'{o}mez-P\'{e}rez"
}

@book{gomezPerezElAt2003,
  title={Ontological Engineering: with examples from the areas of knowledge management, e-commerce and the semantic Web},
  author={AsunciÃ³n GÃ³mez-PÃ©rez, Mariano FernÃ¡ndez-LÃ³pez, Ãscar Corcho},
  isbn={1-85233-551-3},
  series={Advanced information and knowledge processing},
  year={2003},
  publisher={Springer},
  address={London, United Kingdom},
}

@BOOK{graham1995,
  title = {ANSI Common Lisp},
  publisher ={Prentice Hall},
  year = {1995},
  author = {Paul Graham},
  address = {Upper Saddle River, New Jersey},
}

@article{gruber1993,
 author = {Gruber, Thomas R.},
 title = {A Translation Approach to Portable Ontology Specifications},
 journal = {Knowl. Acquis.},
 issue_date = {June 1993},
 volume = {5},
 number = {2},
 month = jun,
 year = {1993},
 issn = {1042-8143},
 pages = {199--220},
 numpages = {22},
 url = {http://dx.doi.org/10.1006/knac.1993.1008},
 doi = {10.1006/knac.1993.1008},
 acmid = {173747},
 publisher = {Academic Press Ltd.},
 address = {London, UK, UK},
} 

@INPROCEEDINGS{gruningerAndFox1995,
    author = {Michael Gr\"{u}ninger and Mark S. Fox},
    title = {Methodology for the Design and Evaluation of Ontologies},
    editor ={D. Skuce},
    booktitle = {Proc. International Conference in Knowledge Engineering and Management},
    year = {1995},
    pages = {6.1--6.10},
}

@article{Holsapple:2002:CAO:503124.503147,
 author = {Holsapple, Clyde W. and Joshi, K. D.},
 title = {A Collaborative Approach to Ontology Design},
 journal = {Commun. ACM},
 issue_date = {February 2002},
 volume = {45},
 number = {2},
 month = feb,
 year = {2002},
 issn = {0001-0782},
 pages = {42--47},
 numpages = {6},
 url = {http://doi.acm.org/10.1145/503124.503147},
 doi = {10.1145/503124.503147},
 acmid = {503147},
 publisher = {ACM},
 address = {New York, NY, USA},
} 

@article{horridgeEtAl2014,
  author    = {Matthew Horridge and
               Tania Tudorache and
               Csongor Nyulas and
               Jennifer Vendetti and
               Natalya Fridman Noy and
               Mark A. Musen},
  title     = {WebProt{\'{e}}g{\'{e}}: a collaborative Web-based platform
               for editing biomedical ontologies},
  journal   = {Bioinformatics},
  volume    = {30},
  number    = {16},
  pages     = {2384--2385},
  year      = {2014},
  url       = {http://dx.doi.org/10.1093/bioinformatics/btu256},
  doi       = {10.1093/bioinformatics/btu256},
  timestamp = {Thu, 14 Aug 2014 15:22:54 +0200},
  biburl    = {http://dblp.uni-trier.de/rec/bib/journals/bioinformatics/HorridgeTNVNM14},
  bibsource = {dblp computer science bibliography, http://dblp.org}
}

@book{ieee1990,
  title={IEEE Standard Glossary of Software Engineering Terminology},
  isbn={155937067X, 9781559370677},
  year={1990},
  publisher={IEEE Computer Society},
  address={New York},
}

@book{jacobsonEtAl2014,
 author = {Jacobson, Ivar and Booch, Grady and Rumbaugh, James},
 title = {The Unified Software Development Process},
 year = {1999},
 isbn = {0-201-57169-2},
 publisher = {Addison-Wesley Longman Publishing Co., Inc.},
 address = {Boston, MA, USA},
} 

@article{kamdarEtAl2016,
 author = {Kamdar, Maulik R. and Tudorache, Tania and Musen, Mark},
 title = {A Systematic Analysis of Term Reuse and Term Overlap across Biomedical Ontologies},
 journal = {Semantic Web Journal},
 issue_date = {2016},
 url = {http://www.semantic-web-journal.net/system/files/swj1283.pdf},
 note = {accepted}
} 

@article{journals/tgis/Janowicz12,
  added-at = {2012-09-26T00:00:00.000+0200},
  author = {Janowicz, Krzysztof},
  biburl = {http://www.bibsonomy.org/bibtex/2636ba43378a7b69a2d6b7ca7e451020e/dblp},
  ee = {http://dx.doi.org/10.1111/j.1467-9671.2012.01342.x},
  interhash = {7bbd9c6137c2fad60a26db3646ec9ebf},
  intrahash = {636ba43378a7b69a2d6b7ca7e451020e},
  journal = {T. GIS},
  keywords = {dblp},
  number = 3,
  pages = {351-374},
  timestamp = {2012-09-27T11:33:32.000+0200},
  title = {Observation-Driven Geo-Ontology Engineering.},
  url = {http://dblp.uni-trier.de/db/journals/tgis/tgis16.html#Janowicz12},
  volume = 16,
  year = 2012
}

@incollection{jarrarAndMeersman2009,
year={2009},
isbn={978-3-540-89783-5},
booktitle={Advances in Web Semantics I},
volume={4891},
series={Lecture Notes in Computer Science},
editor={Dillon, TharamS. and Chang, Elizabeth and Meersman, Robert and Sycara, Katia},
doi={10.1007/978-3-540-89784-2_2},
title={Ontology Engineering â The DOGMA Approach},
url={http://dx.doi.org/10.1007/978-3-540-89784-2_2},
publisher={Springer Berlin Heidelberg},
author={Jarrar, Mustafa and Meersman, Robert},
pages={7-34},
language={English}
}

@book{lenatAndGuha1991,
 author = {Lenat, Douglas B. and Guha, R. V.},
 title = {Building Large Knowledge-Based Systems; Representation and Inference in the Cyc Project},
 year = {1989},
 isbn = {0201517523},
 publisher = {Addison-Wesley Longman Publishing Co., Inc.},
 address = {Boston, MA, USA},
} 

@book{linstoneAndTuroff1975,
 author = {H.A. Linstone and M. Turoff},
 title = {The Delphi Method: Techniques and Applications},
 year = {1975},
 isbn = {978-0201042948},
 publisher = {Addison-Wesley Educational Publishers Inc.},
 address = {Boston, MA, USA},
} 

@techreport{madriMasDGuiaSeg,
    institution = {FundaciÃ³n Madri+d para el Conocimiento},
    title = {GuÃ­a prÃ¡ctica para la evaluaciÃ³n del seguimiento de tÃ­tulos
        universitarios oficiales},
    year = {2014},
}

@INBOOK{mizoguchiEtAl1995,
    author = {R. Mizoguchi and J. Vanwelkenhuysen and M. Ikeda},
    title = { Towards very large knowledge bases: knowledge building and knowledge sharing (KBKS'95) },
    booktitle = {Towards very Large Knowledge bases: Knowledge Building and Knowledge sharing},
    editor = {N. J. I. Mars},
    isbn = {9051992173},
    edition = {1st},    
    year = {1995},
    pages = {46--57},
    publisher = {IOS Press},
    address = {Amsterdam, The Netherlands, The Netherlands},
}

@article{ChallengeMultilingualWebOfData,
  added-at = {2013-02-15T13:35:46.000+0100},
  author = {Garcia, Jorge and Montiel-Ponsoda, Elena and Cimiano, Philipp and GÃ³mez-PÃ©rez, AsunciÃ³n and Buitelaar, Paul and McCrae, John},
  biburl = {http://www.bibsonomy.org/bibtex/291baa30208332331691b39af38a9d5d2/alegrm},
  interhash = {2a112e9a65eefe79baa4da6fa1c5bfe7},
  intrahash = {91baa30208332331691b39af38a9d5d2},
  issn = {1570-8268},
  journal = {Web Semantics: Science, Services and Agents on the World Wide Web},
  keywords = {Multilingualism linkeddata multilingual},
  number = 0,
  publisher = {Elsevier},
  timestamp = {2013-02-15T13:35:46.000+0100},
  title = {Challenges for the Multilingual Web of Data},
  url = {http://www.websemanticsjournal.org/index.php/ps/article/view/214},
  volume = 11,
  year = 2011
}



@phdthesis{montielPonsoda2011,
  title = {Multilingualism in Ontologies. Multilingual Lexico-Syntactic Patterns for Ontology Modeling and Linguistic Information Repository for Ontology Localization},
  year = {2011},
  author = {Elena Montiel-Ponsoda},
  school = {Universidad Polit\'{e}cnica de Madrid},
  address = {Madrid, Spain},
}

@article{nechesEtAl1991,
 author = {Neches, Robert and Fikes, Richard and Finin, Tim and Gruber, Tom and Patil, Ramesh and Senator, Ted and Swartout, William R.},
 title = {Enabling Technology for Knowledge Sharing},
 journal = {AI Mag.},
 issue_date = {Fall 1991},
 volume = {12},
 number = {3},
 month = sep,
 year = {1991},
 issn = {0738-4602},
 pages = {36--56},
 numpages = {21},
 url = {http://dl.acm.org/citation.cfm?id=123768.123775},
 acmid = {123775},
 publisher = {American Association for Artificial Intelligence},
 address = {Menlo Park, CA, USA},
}

@techreport{ORIG-grenon2003a,
    address = {Leipzig},
    author = {Grenon, Pierre},
    citeulike-article-id = {3307532},
    institution = {University of Leipzig},
    keywords = {anatomy-phenotype, oi},
    posted-at = {2008-09-21 10:11:19},
    priority = {0},
    title = {{Spatio-temporality in Basic Formal Ontology: SNAP and SPAN, Upper-Level Ontology, and Framework for Formalization}},
    year = {2003}
}

@TechReport{patelSchneiderEtAl2004,
  author      = "Peter Patel-Schneider and Patrick Hayes and Ian Horrocks ",
  title       = "{OWL} Web Ontology Language Semantics and Abstract Syntax",
  month       = feb,
  note        = "http://www.w3.org/TR/2004/REC-owl-semantics-20040210/",
  year        = "2004",
  bibsource   = "http://w2.syronex.com/jmr/w3c-biblio",
  type        = "{W3C} Recommendation",
  institution = "W3C",
}

@book{pfleeger2001,
 author = {Pfleeger, Shari Lawrence},
 title = {Software Engineering: Theory and Practice},
 year = {2001},
 isbn = {0130290491},
 edition = {2\textsuperscript{nd}},
 publisher = {Prentice Hall PTR},
 address = {Upper Saddle River, NJ, USA},
} 

@incollection{pintoEtAl2009,
year={2009},
isbn={978-3-540-70999-2},
booktitle={Handbook on Ontologies},
series={International Handbooks on Information Systems},
editor={Staab, Steffen and Studer, Rudi},
doi={10.1007/978-3-540-92673-3_7},
title={Ontology Engineering and Evolution in a Distributed World Using DILIGENT},
url={http://dx.doi.org/10.1007/978-3-540-92673-3_7},
publisher={Springer Berlin Heidelberg},
author={Pinto, H.Sofia and Tempich, C. and Staab, Steffen},
pages={153-176},
language={English}
}

@inproceedings{prestesEtAl2014,
  author = {Edson Prestes and Sandro Rama Fiorini and Joel Luis Carbonera},
  booktitle = {Standardized Knowledge Representation and Ontologies for Robotics and Automation, 
               Workshop on the 18\textsuperscript{th}}, 
  editor = {Paulo Gon\c{c}alves and Craig Schlenoff and Edson Prestes and Tam\'{a}s Haidegger}, 
  address = {Chigago, USA},
  title = {Core Ontology for Robotics and Automation},
  year = 2014
}

@inproceedings{presutti2009extreme,
  added-at = {2010-01-18T15:58:58.000+0100},
  author = {Presutti, Valentina and Daga, Enrico and Gangemi, Aldo and Blomqvist, Eva},
  biburl = {http://www.bibsonomy.org/bibtex/2a23e6c344051d23c71e75c84620de79d/evabl444},
  booktitle = {Proceedings of the Workshop on Ontology Patterns (WOP 2009), collocated with the 8th International Semantic Web Conference (ISWC-2009), Washington D.C., USA, 25 October, 2009},
  editor = {Blomqvist, Eva and Sandkuhl, Kurt and Scharffe, Francois and Svatek, Vojtech},
  interhash = {f9768a5171c020615e0eb06c819f0a69},
  intrahash = {a23e6c344051d23c71e75c84620de79d},
  keywords = {ontology ontologyPatterns},
  publisher = {CEUR Workshop Proceedings},
  timestamp = {2010-01-18T15:58:58.000+0100},
  title = {eXtreme Design with Content Ontology Design Patterns},
  volume = 516,
  year = 2009
}

@inproceedings{Schneider2003,
  added-at = {2015-10-10T14:36:44.000+0200},
  author = {Schneider, Luc},
  biburl = {http://sandbox.academic-puma.de/bibtex/29e5b22c03dbedcb8999e63da9952c95c/alistair},
  booktitle = {{KI 2003 -- 26th German Conference on Artificial Intelligence}},
  interhash = {b4e63e603a45ff54927144fddb1bdaa9},
  intrahash = {9e5b22c03dbedcb8999e63da9952c95c},
  keywords = {grammar linguistic},
  timestamp = {2016-09-18T00:00:19.000+0200},
  title = {{H}ow to {B}uild a {F}oundational {O}ntology. {T}he {O}bject-{C}entered
	{H}igh-level {R}eference {O}ntology {OCHRE}},
  topics = {area.ontology},
  url = {http://www.ifomis.uni-leipzig.de/Research/pubs/forthcoming/ki2003epaper.pdf},
  year = 2003
}

@inproceedings{schreiberEtAl1995,
  author = {Guus Schreiber and Bob Wielinga and Wouter N. H. Jansweijer},
  booktitle = {IJCAI95 Workshop on Basic Ontological Issues in Knowledge Sharing}, 
  editor = {D. Skuce}, 
  address = {Chigago, USA},
  title = {The KACTUS View on the 'O' World},
  pages = {15.1--15.10},
  year =1995 
}

@article{simperlEtAl2012,
	author = {Elena Simperl and Tobias BÃ¼rger and Simon Hangl and Stephan W\"{o}rgl and Igor Popov},
	title = {ONTOCOM: A Reliable Cost Estimation Method for Ontology Development Projects},
	journal = {Journal of Web Semantics Web},
	volume = {16},
	year = {2012},
        pages = {1--16},
	publisher = {Elsevier},
	keywords = {ontology engineering, ontology economics, cost estimation, planning and controlling},
	issn = {1570-8268},
	url = {http://www.websemanticsjournal.org/index.php/ps/article/view/320}
}

@phdthesis{sahoo2003,
  title = {Semantic Provenance: Modeling, Querying, and Application in Scientific Discovery},
  year = {2003},
  author = {Satya Sanket Sahoo},
  school = {Goa University},
  address = {Goa, India},
}

@book{Staab:2009:HO:1655829,
 author = {Staab, Steffen and Studer, Rudi},
 title = {Handbook on Ontologies},
 year = {2009},
 isbn = {3540709991, 9783540709992},
 edition = {2nd},
 publisher = {Springer Publishing Company, Incorporated},
}

@article{staabEtAl2001,
 author = {Staab, Steffen and Studer, Rudi and Schnurr, Hans-Peter and Sure, York},
 title = {Knowledge Processes and Ontologies},
 journal = {IEEE Intelligent Systems},
 issue_date = {January 2001},
 volume = {16},
 number = {1},
 month = jan,
 year = {2001},
 issn = {1541-1672},
 pages = {26--34},
 numpages = {9},
 url = {http://dx.doi.org/10.1109/5254.912382},
 doi = {10.1109/5254.912382},
 acmid = {630607},
 publisher = {IEEE Educational Activities Department},
 address = {Piscataway, NJ, USA},
 keywords = {knowledge management, knowledge process, ontology},
} 

@book{staabAndAl2009,
 author = {Staab, Steffen and Studer, Rudi},
 title = {Handbook on Ontologies},
 year = {2009},
 isbn = {3540709991, 9783540709992},
 edition = {2\textsuperscript{nd}},
 publisher = {Springer Verlag},
 address= {Berlin Heidelberg, Germany},
} 

@BOOK{sterlingAndShapiro1994,
  title = {The art of PROLOG},
  edition = {2\textsuperscript{nd} edition},
  publisher ={Prentice Hall},
  year = {1994},
  author = {Leon Sterling and Ehud Shapiro},
  address = {Cambridge, Massachusetts},
}

@phdthesis{stojanovic2004,
    author = {M. Sc. Ljiljana Stojanovic},
    title = {Methods and Tools for Ontology Evolution},
    school = {Universitaet Karlsruhe},
    year = {2004},
    address = {Karlsruhe, Germany}
}

@book{suarezFigueroa2012,
  added-at = {2013-09-05T00:00:00.000+0200},
  biburl = {http://www.bibsonomy.org/bibtex/2f0543ae24be763e64b2f65cd3f54183f/dblp},
  editor = {Su\'{a}rez-Figueroa, Mari Carmen and G\'{o}mez-P\'{e}rez, Asunci\'{o}n and Motta, Enrico and Gangemi, Aldo},
  ee = {http://dx.doi.org/10.1007/978-3-642-24794-1},
  interhash = {9588c3655953a30a39234b3529d7150c},
  intrahash = {f0543ae24be763e64b2f65cd3f54183f},
  isbn = {978-3-642-24793-4},
  keywords = {dblp},
  publisher = {Springer Verlag},
  address   = {Berlin Heidelberg, Germany},
  timestamp = {2013-09-06T11:33:25.000+0200},
  title = {Ontology Engineering in a Networked World.},
  url = {http://dblp.uni-trier.de/db/books/daglib/0028799.html},
  year = 2012
}

@article{suarezFigueroa2015,
 author = {Mari Carmen Su\'arez-Figueroa and Asunci\'{o}n G\'omez-P\'erez and Mariano Fern\'andez-L\'opez},
 title= {The NeOn Methodology framework: A scenario-based methodology for ontology development}, 
 journal = {Applied Ontology},
 volume = {10},
 number = {2},
 year = {2015},
 pages = {107--145},
 publisher = {IOS Press},
 address = {Amsterdam},
} 

@INPROCEEDINGS{swartoutEtAl1997,
    author = {Bill Swartout and Ramesh Patil and Kevin Knight and Tom Russ},
    title = {Towards distributed use of large-scale ontologies},
    booktitle = {AAAI Spring Symposium on Ontological Engineering},
    editor = {Adam Farquhar and Mike Gr\"{u}ninger and Asunci\'{o} G\'{o}mez-P\'{e}rez and Mike Uschold and Paul van der Vet},
    year = {1997},
    address = {Stanford University, California},
    pages={138--148}
}

@INPROCEEDINGS{uscholdAndKing1995,
    author = {Mike Uschold and Martin King},
    title = {Towards a Methodology for Building Ontologies},
    booktitle = {Workshop on Basic Ontological Issues in Knowledge Sharing, held in conjunction with IJCAI-95},
    editor = {D. Skuce},
    year = {1995}
    pages = {6.1--6.10}
    address = {Quebc, MOntreal, Canada},
}

@article{vanHeijst:1997:UEO:250541.250542,
 author = {van Heijst, G. and Schreiber, A. Th. and Wielinga, B. J.},
 title = {Using Explicit Ontologies in KBS Development},
 journal = {Int. J. Hum.-Comput. Stud.},
 issue_date = {Feb./March 1997},
 volume = {46},
 number = {2-3},
 month = mar,
 year = {1997},
 issn = {1071-5819},
 pages = {183--292},
 numpages = {110},
 url = {http://dx.doi.org/10.1006/ijhc.1996.0090},
 doi = {10.1006/ijhc.1996.0090},
 acmid = {250542},
 publisher = {Academic Press, Inc.},
 address = {Duluth, MN, USA},
}

@article{weltyAndGuarino2001,
 author = {Welty, Christopher and Guarino, Nicola},
 title = {Supporting Ontological Analysis of Taxonomic Relationships},
 journal = {Data Knowl. Eng.},
 issue_date = {October 2001},
 volume = {39},
 number = {1},
 month = oct,
 year = {2001},
 issn = {0169-023X},
 pages = {51--74},
 numpages = {24},
 url = {http://dx.doi.org/10.1016/S0169-023X(01)00030-1},
 doi = {10.1016/S0169-023X(01)00030-1},
 acmid = {564689},
 publisher = {Elsevier Science Publishers B. V.},
 address = {Amsterdam, The Netherlands, The Netherlands},
}

@article{vrandecic2005,
  added-at = {2006-01-24T09:30:34.000+0100},
  author = {Vrandecic, Denny and Pinto, H. Sofia and Sure, York and Tempich, Christoph},
  biburl = {http://puma.uni-kassel.de/bibtex/2167b670252215232dc59829364e361a2/hotho},
  interhash = {0cabab7456df24ce9111c8960af42c5d},
  intrahash = {167b670252215232dc59829364e361a2},
  journal = {Journal of Knowledge Management},
  keywords = {ontology methodology swap process knowledge},
  month = OCT,
  number = 5,
  pages = {85-96},
  timestamp = {2011-08-02T14:47:02.000+0200},
  title = {The DILIGENT Knowledge Processes},
  url = {http://www.aifb.uni-karlsruhe.de/WBS/ysu/publications/2005_kmjournal_diligent.pdf},
  volume = 9,
  year = 2005
}

@incollection{vrandecic2009,
  author    = {Denny Vrandecic},
  title     = {Ontology Evaluation},
  booktitle = {Handbook on Ontologies},
  pages     = {293--313},
  year      = {2009},
  crossref  = {staabAndAl2009},
  url       = {http://dx.doi.org/10.1007/978-3-540-92673-3_13},
  doi       = {10.1007/978-3-540-92673-3_13},
  timestamp = {Thu, 19 Mar 2015 13:21:48 +0100},
  biburl    = {http://dblp2.uni-trier.de/rec/bib/series/ihis/Vrandecic09},
  bibsource = {dblp computer science bibliography, http://dblp.org}
}

@article{vujasinovicEtAl2015,
  author    = {Marko Vujasinovic and
               Nenad Ivezic and
               Boonserm Kulvatunyou},
  title     = {A survey and classification of principles for domain-specific ontology
               design patterns development},
  journal   = {Applied Ontology},
  volume    = {10},
  number    = {1},
  pages     = {41--69},
  year      = {2015},
  url       = {http://dx.doi.org/10.3233/AO-150140},
  doi       = {10.3233/AO-150140},
  timestamp = {Fri, 12 Jun 2015 16:41:59 +0200},
  biburl    = {http://dblp2.uni-trier.de/rec/bib/journals/ao/VujasinovicIK15},
  bibsource = {dblp computer science bibliography, http://dblp.org}
}

@article{farquhar1997ontolingua,
  title={The ontolingua server: A tool for collaborative ontology construction},
  author={Farquhar, Adam and Fikes, Richard and Rice, James},
  journal={International Journal of Human-Computer Studies},
  volume={46},
  number={6},
  pages={707--727},
  year={1997},
  publisher={Elsevier}
}

@inproceedings{swartout1996ontosaurus,
  title={Ontosaurus: a tool for browsing and editing ontologies},
  author={Swartout, Bill and Patil, Ramesh and Knight, Kevin and Russ, Tom},
  booktitle={9th Banff Knowledge Aquisition for KNowledge-based systems Workshop},
  year={1996}
}

@article{domingue1999knowledge,
  title={Knowledge modelling in webonto and ocml: A user guide},
  author={Domingue, John and Motta, Enrico and Corcho, Oscar},
  journal={Knowledge Media Institute, Milton Keynes, UK},
  year={1999},
  publisher={Citeseer}
}

@incollection{bechhofer2001oiled,
  title={OilEd: a reason-able ontology editor for the semantic web},
  author={Bechhofer, Sean and Horrocks, Ian and Goble, Carole and Stevens, Robert},
  booktitle={Ki 2001: Advances in Artificial Intelligence},
  pages={396--408},
  year={2001},
  publisher={Springer}
}

@article{arpirez2003webode,
  title={WebODE in a nutshell},
  author={Arp{\'\i}rez, Julio C{\'e}sar and Corcho, Oscar and Fern{\'a}ndez-L{\'o}pez, Mariano and G{\'o}mez-P{\'e}rez, Asunci{\'o}n},
  journal={AI magazine},
  volume={24},
  number={3},
  pages={37},
  year={2003}
}

@book{sure2002ontoedit,
  title={OntoEdit: Collaborative ontology development for the semantic web},
  author={Sure, York and Erdmann, Michael and Angele, J{\"u}rgen and Staab, Steffen and Studer, Rudi and Wenke, Dirk},
  year={2002},
  publisher={Springer}
}

@incollection{knublauch2004protege,
  title={The Prot{\'e}g{\'e} OWL plugin: An open development environment for semantic web applications},
  author={Knublauch, Holger and Fergerson, Ray W and Noy, Natalya F and Musen, Mark A},
  booktitle={The Semantic Web--ISWC 2004},
  pages={229--243},
  year={2004},
  publisher={Springer}
}

@book{gomez2004ontological,
  title={Ontological Engineering: with examples from the areas of Knowledge Management, e-Commerce and the Semantic Web},
  author={G{\'o}mez-P{\'e}rez, Asunci{\'o}n and Fern{\'a}ndez-L{\'o}pez, Mariano and Corcho, Oscar},
  year={2004},
  publisher={Springer Science \& Business Media}
}

@article{haase2008neon,
  title={The neon ontology engineering toolkit},
  author={Haase, Peter and Lewen, Holger and Studer, Rudi and Tran, Duc Thanh and Erdmann, Michael and d'Aquin, Mathieu and Motta, Enrico},
  journal={WWW},
  year={2008},
  publisher={Citeseer}
}


@article{basca2008neologism,
  title={Neologism: Easy vocabulary publishing},
  author={Basca, Cosmin and Corlosquet, St{\'e}phane and Cyganiak, Richard and Fern{\'a}ndez, Sergio and Schandl, Thomas},
  year={2008}
}

@inproceedings{BraunSchmidtWalterWWW07,
  abstract = {Most of the current methodologies for building ontologies
	
	rely on specialized knowledge engineers. This is in contrast
	
	to real-world settings, where the need for maintenance of domain
	
	specific ontologies emerges in the daily work of users.
	
	But in order to allow for participatory ontology engineering,
	
	we need to have a more realistic conceptual model of how
	
	ontologies develop in the real world. We introduce the ontology
	
	maturing processes which is based on the insight that
	
	ontology engineering is a collaborative informal learning process
	
	and for which we analyze characteristic evolution steps
	
	and triggers that have users engage in ontology engineering
	
	within their everyday work processes. This model integrates
	
	tagging and folksonomies with formal ontologies and shows
	
	maturing pathways between them. As implementations of
	
	this model, we present two case studies and the corresponding
	
	tools. The first is about image-based ontology engineering
	
	(introducing so-called imagenotions), the second about
	
	ontology-enabled social bookmarking (SOBOLEO). Both of
	
	them are inspired by lightweight Web 2.0 approaches and
	
	allow for realtime collaboration.},
  added-at = {2007-11-25T16:28:44.000+0100},
  author = {Braun, Simone and Schmidt, Andreas and Walter, Andreas and Nagypal, Gabor and Zacharias, Valentin},
  biburl = {http://www.bibsonomy.org/bibtex/2db5d4f4ae87553a11b3db619745e5a2b/aschmidt},
  booktitle = {Proceedings of the Workshop on Social and Collaborative Construction of Structured Knowledge (CKC 2007)  at the 16th International World Wide Web Conference (WWW2007)   Banff, Canada, May 8, 2007},
  editor = {Noy, Natasha and Alani, Harith and Stumme, Gerd and Mika, Peter and Sure, York and Vrandecic, Denny},
  interhash = {788a960832c09c5000226d18fbcf711d},
  intrahash = {db5d4f4ae87553a11b3db619745e5a2b},
  keywords = {aps folksonomy fzi ilin imagination ipe lang:en maturing myown ontologies ontology_engineering ontology_maturing professional_learning soboleo wissensnetz},
  owner = {aschmidt},
  pdf = {http://www.andreas-p-schmidt.de/publications/ontology_maturing_braun_schmidt_walter_www07.pdf},
  series = {CEUR Workshop Proceedings},
  timestamp = {2014-04-08T20:23:45.000+0200},
  title = {Ontology Maturing: a Collaborative Web 2.0 Approach to Ontology Engineering},
  url = {http://publications.andreas.schmidt.name/ontology_maturing_braun_schmidt_walter_www07.pdf},
  volume = 273,
  year = 2007
}

@article{Kotis_Vouros_2006,
  abstract = {The fast emergent and continuously evolving areas of the Semantic Web and Knowledge
Management make the incorporation of ontology engineering tasks in knowledge-empowered
organizations and in the World Wide Web more than necessary. In such environments, the
development and evolution of ontologies must be seen as a dynamic process that has to be
supported through the entire ontology life-cycle, resulting to living ontologies. The aim of this
paper is to present the Human-Centered Ontology Engineering Methodology (HCOME) for the
development and evaluation of living ontologies in the context of communities of knowledge
workers. The methodology aims to empower knowledge workers to continuously manage their
formal conceptualizations in their day-to-day activities and shape their information space by
being actively involved in the ontology life-cycle. The paper also demonstrates the Human
Centered ONtology Engineering Environment, HCONE, which can effectively support this
methodology.},
  added-at = {2007-06-26T09:14:28.000+0200},
  address = {London, UK},
  author = {Kotis, Konstantinos and Vouros, A.},
  biburl = {http://www.bibsonomy.org/bibtex/2049f096bcbb2d68758879128773a3163/bluedolphin},
  doi = {http://dx.doi.org/10.1007/s10115-005-0227-4},
  interhash = {ba562993f18202a3bfd2116521c562fe},
  intrahash = {049f096bcbb2d68758879128773a3163},
  issn = {0219-1377},
  journal = {Knowledge and Information Systems},
  keywords = {HCOME article engineering methodology ontology user user_centered},
  month = {July},
  number = 1,
  pages = {109--131},
  publisher = {Springer-Verlag},
  timestamp = {2007-06-26T09:14:28.000+0200},
  title = {Human-centered ontology engineering: The HCOME methodology},
  url = {http://www.icsd.aegean.gr/kotis/publications/HCOME-KAIS.pdf},
  volume = 10,
  year = 2006
}

@article{DBLP:journals/ijswis/Luczak-RoschSSK14,
  author    = {Markus Luczak{-}R{\"{o}}sch and
               Elena Simperl and
               Steffen Stadtm{\"{u}}ller and
               Tobias K{\"{a}}fer},
  title     = {The Role of Ontology Engineering in Linked Data Publishing and Management:
               An Empirical Study},
  journal   = {Int. J. Semantic Web Inf. Syst.},
  volume    = {10},
  number    = {3},
  pages     = {74--91},
  year      = {2014},
  url       = {http://dx.doi.org/10.4018/IJSWIS.2014070103},
  doi       = {10.4018/IJSWIS.2014070103},
  timestamp = {Thu, 26 Mar 2015 12:32:40 +0100},
  biburl    = {http://dblp.uni-trier.de/rec/bib/journals/ijswis/Luczak-RoschSSK14},
  bibsource = {dblp computer science bibliography, http://dblp.org}
}

@article{eps351596,
          volume = {7},
          number = {1},
           title = {Achieving maturity: the state of practice in ontology engineering in 2009},
          author = {E. Simperl and M. Mochol and T. Buerger},
            year = {2010},
           pages = {45--65},
         journal = {International Journal of Computer Science and Applications},
        keywords = {ontology engineering, survey, state of the art},
             url = {http://eprints.soton.ac.uk/351596/},
        abstract = {In this paper we give an account of the current state of practice in ontology engineering based on the findings of a six months empirical survey we performed between October 2008 and March 2009 that analysed 148 ontology engineering projects from industry and academia. The survey focused on process-related issues and looked into the impact of research achievements on real-world ontology engineering projects, the complexity of particular ontology development tasks, the level of tool support, and the usage scenarios for ontologies. The main contributions of this survey compared to other works in the ontology engineering community are twofold: Firstly, the size of the data set the results are grounded on is by far larger than every other similar endeavour published in the last years. Secondly, the findings of the survey confirm the fact that ontology engineering is an established engineering discipline in respect of the maturity and level of acceptance of its main components, methodologies, methods and software tools, whereas further research should target the customization of existing technology to the specifics of vertical domains, as well as economic aspects of ontology engineering.}
}

An Ontological Engineering Methodology for Part-Whole Reasoning in Medicine

@techreport{hahnEtAl1998,
    address = {Leipzig},
    author = {Udo Hahn and Stefan Schulz and Martin Romacker}, 
    institution = {AAAI},
    title = {An Ontological Engineering Methodology for Part-Whole Reasoning in Medicine},
    year = {1998}
}

@BOOK{sowa2000,
  title = {Knowledge Representation},
  publisher = {Brooks/Cole},
  year = {2000},
  author = {J. Sowa},
  owner = {USUARIO},
  timestamp = {2011.12.13}
}

@inproceedings{Zhang:2015:HUB:2702123.2702433,
 author = {Zhang, Yuhao and Tudorache, Tania and Horridge, Matthew and Musen, Mark A.},
 title = {Helping Users Bootstrap Ontologies: An Empirical Investigation},
 booktitle = {Proceedings of the 33rd Annual ACM Conference on Human Factors in Computing Systems},
 series = {CHI '15},
 year = {2015},
 isbn = {978-1-4503-3145-6},
 location = {Seoul, Republic of Korea},
 pages = {3395--3398},
 numpages = {4},
 url = {http://doi.acm.org/10.1145/2702123.2702433},
 doi = {10.1145/2702123.2702433},
 acmid = {2702433},
 publisher = {ACM},
 address = {New York, NY, USA},
 keywords = {authoring, bootstrapping, competency questions, ontologies, user study},
} 

@incollection{series/sci/ZouaqN10,
  added-at = {2015-02-05T00:00:00.000+0100},
  author = {Zouaq, Amal and Nkambou, Roger},
  biburl =
{http://www.bibsonomy.org/bibtex/228934b06e8b160ebbf760d24653f124a/dblp},
  booktitle = {Advances in Intelligent Tutoring Systems},
  crossref = {series/sci/2011-308},
  editor = {Nkambou, Roger and Bourdeau, Jacqueline and Mizoguchi,
Riichiro},
  ee = {http://dx.doi.org/10.1007/978-3-642-14363-2_6},
  interhash = {9c635684c86b81a03e2df16abd81dc88},
  intrahash = {28934b06e8b160ebbf760d24653f124a},
  isbn = {978-3-642-14362-5},
  keywords = {dblp},
  pages = {103-119},
  timestamp = {2015-06-18T09:56:15.000+0200},
  title = {A Survey of Domain Ontology Engineering: Methods and Tools.},
  url = {http://dblp.uni-trier.de/db/series/sci/sci308.html#ZouaqN10},
  volume = 308,
  year = 2010
}


@incollection{krotzsch2006semantic,
  title={Semantic mediawiki},
  author={Kr{\"o}tzsch, Markus and Vrande{\v{c}}i{\'c}, Denny and V{\"o}lkel, Max},
  booktitle={The Semantic Web-ISWC 2006},
  pages={935--942},
  year={2006},
  publisher={Springer}
}

@article{petersenvocol,
  title={VoCol: An Agile Methodology and Environment for Collaborative Vocabulary Development},
  author={Petersen, Niklas and Halilaj, Lavdim and Lange, Christoph and Auer, S{\"o}ren},
  year={2015}
}

@incollection{stellato2015vocbench,
  title={VocBench: A Web Application for Collaborative Development of Multilingual Thesauri},
  author={Stellato, Armando and Rajbhandari, Sachit and Turbati, Andrea and Fiorelli, Manuel and Caracciolo, Caterina and Lorenzetti, Tiziano and Keizer, Johannes and Pazienza, Maria Teresa},
  booktitle={The Semantic Web. Latest Advances and New Domains},
  pages={38--53},
  year={2015},
  publisher={Springer}
}

@incollection{schandl2010poolparty,
  title={PoolParty: SKOS thesaurus management utilizing linked data},
  author={Schandl, Thomas and Blumauer, Andreas},
  booktitle={The Semantic Web: Research and Applications},
  pages={421--425},
  year={2010},
  publisher={Springer}
}

@incollection{gangemi2009ontology,
  title={Ontology design patterns},
  author={Gangemi, Aldo and Presutti, Valentina},
  booktitle={Handbook on ontologies},
  pages={221--243},
  year={2009},
  publisher={Springer}
}

@inproceedings{roussey2009catalogue,
  title={A catalogue of OWL ontology antipatterns},
  author={Roussey, Catherine and Corcho, Oscar and Vilches-Bl{\'a}zquez, Luis Manuel},
  booktitle={Proceedings of the fifth international conference on Knowledge capture},
  pages={205--206},
  year={2009},
  organization={ACM}
}

@TECHREPORT{spynsEtAl2013,
  AUTHOR={Spyns, P. and Tang, Y. and Meersman, R.},
  TITLE={A Model Theory Inspired Collaborative Ontology Engineering Methodology}, 
  INSTITUTION={VUB StarLab SRI},
  YEAR={2007}
}

@article{bizer2009linked,
  title={Linked Data-The Story So Far},
  author={Bizer, Christian and Heath, Tom and Berners-Lee, Tim},
  journal={International Journal on Semantic Web and Information Systems},
  volume={5},
  number={3},
  pages={1--22},
  year={2009},
  publisher={IGI Global}
}

@article{corcho2015ontology,
  title={Ontology engineering in the era of linked data},
  author={Corcho, Oscar and Poveda-Villal{\'o}n, Mar{\'\i}a and G{\'o}mez-P{\'e}rez, Asunci{\'o}n},
  journal={Bulletin of the American Society for Information Science and Technology},
  volume={41},
  number={4},
  pages={13--17},
  year={2015}
}

@article{goble2004montagues,
  title={The montagues and the capulets},
  author={Goble, Carole and Wroe, Chris},
  journal={Comparative and functional genomics},
  volume={5},
  number={8},
  pages={623--632},
  year={2004},
  publisher={Wiley Online Library}
}

@article{owl10,
  title={OWL web ontology language overview},
  author={McGuinness, Deborah L and Van Harmelen, Frank and others},
  journal={W3C recommendation},
  year={2004}
}

@article{rdf-schema,
  title={$\{$RDF vocabulary description language 1.0: RDF schema$\}$},
  author={Brickley, Dan and Guha, Ramanathan V},
  journal={W3C recommendation},
  year={2004}
}

@article{owl2,
  title={OWL 2 web ontology language primer},
  author={Hitzler, Pascal and Kr{\"o}tzsch, Markus and Parsia, Bijan and Patel-Schneider, Peter F and Rudolph, Sebastian},
  journal={W3C recommendation},
  year={2009}
}

@inproceedings{ontoology,
  title={OnToology, a tool for collaborative development of ontologies},
  author={Alobaid A, Garijo D, Poveda-Villal{\'o}n M, Santana-P{\'e}rez I, Corcho O},
  booktitle={6th International Conference on Biomedical Ontology (ICBO 2015). Poster Proceedings},
  year={2015}
}

@book{hart2008rabbit,
  title={Rabbit: Developing a control natural language for authoring ontologies},
  author={Hart, Glen and Johnson, Martina and Dolbear, Catherine},
  year={2008},
  publisher={Springer}
}

@article{Studer:1998:KEP:290547.290553,
 author = {Studer, Rudi and Benjamins, V. Richard and Fensel, Dieter},
 title = {Knowledge Engineering: Principles and Methods},
 journal = {Data Knowl. Eng.},
 issue_date = {March 1998},
 volume = {25},
 number = {1-2},
 month = mar,
 year = {1998},
 issn = {0169-023X},
 pages = {161--197},
 numpages = {37},
 url = {http://dx.doi.org/10.1016/S0169-023X(97)00056-6},
 doi = {10.1016/S0169-023X(97)00056-6},
 acmid = {290553},
 publisher = {Elsevier Science Publishers B. V.},
 address = {Amsterdam, The Netherlands, The Netherlands},
 keywords = {information integration, knowledge acquistion, knowledge engineering, ontology, problem-solving method},
} 


@book{Williams:2002:PPI:548833,
 author = {Williams, Laurie and Kessler, Robert},
 title = {Pair Programming Illuminated},
 year = {2002},
 isbn = {0201745763},
 publisher = {Addison-Wesley Longman Publishing Co., Inc.},
 address = {Boston, MA, USA},
} 














